<record><leader>00000cas a22000007a 4500</leader><controlfield tag="001">19837399</controlfield><controlfield tag="008">890608d19321988aruwr ne      0    0eng d</controlfield><datafield ind1=" " ind2=" " tag="010"><subfield code="a">sn 89051242 </subfield></datafield><datafield ind1=" " ind2=" " tag="040"><subfield code="a">ANU</subfield><subfield code="b">eng</subfield><subfield code="c">ANU</subfield><subfield code="d">OCLCQ</subfield><subfield code="d">OCLCF</subfield><subfield code="d">OCLCO</subfield></datafield><datafield ind1=" " ind2=" " tag="042"><subfield code="a">msc</subfield></datafield><datafield ind1=" " ind2=" " tag="043"><subfield code="a">n-us-ar</subfield></datafield><datafield ind1="0" ind2="0" tag="245"><subfield code="a">Meteor journal.</subfield></datafield><datafield ind1="1" ind2="3" tag="246"><subfield code="a">Malvern meteor-journal</subfield><subfield code="f">Apr. 7, 1932-&lt;Dec. 29, 1987&gt;</subfield></datafield><datafield ind1=" " ind2=" " tag="260"><subfield code="a">Malvern, Ark. :</subfield><subfield code="b">Claude Mann</subfield></datafield><datafield ind1=" " ind2=" " tag="300"><subfield code="a">v.</subfield></datafield><datafield ind1=" " ind2=" " tag="310"><subfield code="a">Weekly</subfield></datafield><datafield ind1="0" ind2=" " tag="362"><subfield code="a">54th year, no. 31 (Feb. 18, 1932)-</subfield></datafield><datafield ind1="1" ind2=" " tag="362"><subfield code="a">Ceased in 1988?</subfield></datafield><datafield ind1=" " ind2=" " tag="515"><subfield code="a">Numbering is irregular.</subfield></datafield><datafield ind1=" " ind2="0" tag="651"><subfield code="a">Malvern (Ark.)</subfield><subfield code="v">Newspapers.</subfield></datafield><datafield ind1=" " ind2="7" tag="655"><subfield code="a">Newspapers.</subfield><subfield code="2">fast</subfield><subfield code="0">(OCoLC)fst01423814</subfield></datafield><datafield ind1=" " ind2="7" tag="651"><subfield code="a">Arkansas</subfield><subfield code="z">Malvern.</subfield><subfield code="2">fast</subfield><subfield code="0">(OCoLC)fst01218907</subfield></datafield><datafield ind1=" " ind2=" " tag="752"><subfield code="a">United States</subfield><subfield code="b">Arkansas</subfield><subfield code="c">Hot Spring</subfield><subfield code="d">Malvern.</subfield></datafield><datafield ind1="0" ind2="4" tag="780"><subfield code="t">Malvern meteor (Malvern, Ark. : 1911)</subfield><subfield code="w">(DLC)sn 89051237</subfield></datafield><datafield ind1="0" ind2="4" tag="780"><subfield code="t">Malvern times=journal (Malvern, Ark. : 1924)</subfield><subfield code="w">(DLC)sn 89051241</subfield></datafield></record>